% Encoding: UTF-8
%% This BibTeX bibliography file was created using BibDesk.
%% http://www.cs.ucsd.edu/~mmccrack/bibdesk.html

@TechReport{Jain,
  author      = {Ajith Jain},
  institution = {Semtech Corporation},
  title       = {{S}ynchronous vs. {A}ynchronous {B}uck {R}egulators},
  address     = {Camarillo, CA},
  type        = {techreport},
  file        = {Buck Converter Design:Semtech_synchronous-vs-asynchronous-buck-regulators.pdf:PDF},
}

@TechReport{Hauke2015,
  author      = {Brigitte Hauke},
  institution = {Texas Instruments},
  title       = {Basic Calculation of a Buck Converter's Power Stage},
  year        = {2015},
  month       = aug,
  file        = {:Basic Calculation of a Buck Converter's Power Stage.pdf:PDF},
}

@Comment{jabref-meta: databaseType:bibtex;}
