
@techreport{BuckTopology,
      title       = "{S}ynchronous vs. {A}ynchronous {B}uck {R}egulators",
      author      = "Ajith Jain",
      institution = "Semtech Corporation",
      address     = "Camarillo, CA"
    }
